<record><leader>00000cas a22000007a 4500</leader><controlfield tag="001">14767164</controlfield><controlfield tag="008">861119d18691uuuinuqr ne      0    0eng d</controlfield><datafield ind1=" " ind2=" " tag="010"><subfield code="a">sn 86058992 </subfield></datafield><datafield ind1=" " ind2=" " tag="040"><subfield code="a">NPI</subfield><subfield code="b">eng</subfield><subfield code="c">NPI</subfield><subfield code="d">OCLCQ</subfield></datafield><datafield ind1=" " ind2=" " tag="042"><subfield code="a">msc</subfield></datafield><datafield ind1="0" ind2=" " tag="130"><subfield code="a">Delphi oracle (Delphi, Ind. : 1869)</subfield></datafield><datafield ind1="1" ind2="4" tag="245"><subfield code="a">The Delphi oracle.</subfield></datafield><datafield ind1=" " ind2=" " tag="260"><subfield code="a">Delphi, Ind. :</subfield><subfield code="b">John Wilson,</subfield><subfield code="c">1869-</subfield></datafield><datafield ind1=" " ind2=" " tag="300"><subfield code="a">v.</subfield></datafield><datafield ind1=" " ind2=" " tag="310"><subfield code="a">Quarterly</subfield></datafield><datafield ind1="0" ind2=" " tag="362"><subfield code="a">Vol. 1, no. 1 (June 1, 1869)-</subfield></datafield><datafield ind1=" " ind2=" " tag="752"><subfield code="a">United States</subfield><subfield code="b">Indiana</subfield><subfield code="c">Carroll</subfield><subfield code="d">Delphi.</subfield></datafield></record>